@article{ref_article1,
  author  = {Author, F.},
  title   = {Article title},
  journal = {Journal},
  volume  = {2},
  number  = {5},
  pages   = {99--110},
  year    = {2016}
}

@inproceedings{ref_lncs1,
  author    = {Author, F. and Author, S.},
  title     = {Title of a proceedings paper},
  editor    = {Editor, F. and Editor, S.},
  booktitle = {CONFERENCE 2016, LNCS},
  volume    = {9999},
  pages     = {1--13},
  year      = {2016},
  publisher = {Springer, Heidelberg},
  doi       = {10.10007/1234567890}
}

@book{ref_book1,
  author    = {Author, F. and Author, S. and Author, T.},
  title     = {Book title},
  edition   = {2nd},
  year      = {1999},
  publisher = {Publisher},
  address   = {Location}
}

@inproceedings{ref_proc1,
  author    = {Author, A.-B.},
  title     = {Contribution title},
  booktitle = {9th International Proceedings on Proceedings},
  pages     = {1--2},
  year      = {2010},
  publisher = {Publisher},
  address   = {Location}
}

@misc{ref_url1,
  author       = {LNCS Homepage},
  title        = {Lecture Notes in Computer Science},
  howpublished = {\url{http://www.springer.com/lncs}},
  note         = {Last accessed: 2023/10/25}
}
